@article{slabbert1999early,
  title={Early prediction of adult police dog efficiencyâ€”a longitudinal study},
  author={Slabbert, Johannes M and Odendaal, Johannes SJ},
  journal={Applied Animal Behaviour Science},
  volume={64},
  number={4},
  pages={269--288},
  year={1999},
  publisher={Elsevier}
}